@article{deep,
author={Honglak Lee, Yan Largman, Peter Pham and Andrew Y. Ng},
title={Unsupervised Feature Learning for Audio Classification Using Convolutional Deep Belief Networks },
year={2015}
}

@article{sca,
author={Yao Kaisheng and Cao Lhigang },
title={A robust speech feature-perceptive scalogram based on wavelet analysis },
journal={IEEE/ Signal Processing Proceedings},
year={1998}
}
@article{cnn,
author={Ossama Abdel-Hamid, Abdel-rahman Mohamed, Hui Jiang, Li Deng, Gerald Penn, and Dong Yu},
title={Convolutional Neural Networks for Speech Recognition},
journal={IEEE/ACM TRANSACTIONS ON AUDIO, SPEECH, AND LANGUAGE PROC},
year={2014}
}
@article{hmm,
author={Rathinavelu  Chengalvarayan and  Li  Deng},
title={HMM-Based Speech Recognition Using State-Dependent, Discriminatively Derived Transforms on Mel-Warped DFT Features},
journal={IEEE},
year={1997}
}

@article{ad,
author = {Ching-Hua Chuan , Susan Vasana and Asai Asaithambi},
title = {Using Wavelets and Gaussian Mixture Models for Audio Classification},
journal ={2013 IEEE International Symposium on Multimedia},
volume = {0},
isbn = {978-1-4673-4370-1},
year = {2012},
pages = {421-426},
doi = {http://doi.ieeecomputersociety.org/10.1109/ISM.2012.86},
publisher = {IEEE Computer Society},
address = {Los Alamitos, CA, USA},
}
@article{arti,
title={The development of articulatory signatures in children},
author={Latika Singh and Nandini C. Singh},
journal={Developmental Science},
year={2008}
}



@article{acoustic,
title={Modulation spectra of natural sounds and ethological theories of auditory processing},
author={Nandini C. Singh and Frédéric E. Theunissen},
journal={ US National Library of Medicine National Institutes of Health },
year={2003}
}


@article{melody,
title={ A novel method for assessing the development of speech motor function in toddlers with autism spectrum disorders},
author={Sharda M, Subhadra TP, Sahay S, Nagaraja C, Singh L, Mishra R, Sen A, Singhal N, Erickson D, Singh NC.},
journal={Neuroscience Letters},
year={2010}
}

@article{motor,
title={ Sounds of melody--pitch patterns of speech in autism},
author={Sullivan K, Sharda M, Greenson J, Dawson G, Singh NC.},
journal={Frontiers in Integrative Neuroscience.},
year={2013}
}

@article{sklearn,
 title={Scikit-learn: Machine Learning in {P}ython},
 author={Pedregosa, F. and Varoquaux, G. and Gramfort, A. and Michel, V. and Thirion, B. and Grisel, O. and Blondel, M. and Prettenhofer, P. and Weiss, R. and Dubourg, V. and Vanderplas, J. and Passos, A. and Cournapeau, D. and Brucher, M. and Perrot, M. and Duchesnay, E.},
 journal={Journal of Machine Learning Research},
 volume={12},
 pages={2825--2830},
 year={2011}
}


@article{jia2014caffe,
  Author = {Jia, Yangqing and Shelhamer, Evan and Donahue, Jeff and Karayev, Sergey and Long, Jonathan and Girshick, Ross and Guadarrama, Sergio and Darrell, Trevor},
  Journal = {arXiv preprint arXiv:1408.5093},
  Title = {Caffe: Convolutional Architecture for Fast Feature Embedding},
  Year = {2014}
}

@article{yaafe,
title={YAAFE, an Easy to Use and Efficient Audio Feature Extraction Software}, 
author={B.Mathieu, S.Essid, T.Fillon, J.Prado, G.Richard},
journal={proceedings of the 11th ISMIR conference, Utrecht, Netherlands}, year={2010}
}

@Misc{scipy,
  author =    {Eric Jones and Travis Oliphant and Pearu Peterson and others},
  title =     {{SciPy}: Open source scientific tools for {Python}},
  year =      {2001--},
  url = "http://www.scipy.org/",
  note = {[Online; accessed 2015-05-21]}
}

% If you wish to cite FFTW in a general publication, we recommend this paper:

@Article{FFTW05,
  author = 	 {Frigo, Matteo and Johnson, Steven~G.},
  title = 	 {The Design and Implementation of {FFTW3}},
  journal = 	 {Proceedings of the IEEE},
  year = 	 2005,
  volume =	 93,
  number =	 2,
  pages =	 {216--231},
  note =	 {Special issue on ``Program Generation, Optimization, and Platform Adaptation''}
}

% The following are additional papers on FFTW and related topics that
% you may wish to cite in more specialized works.

% A review of the considerations involved in implementing high-performance
% FFTs in practice, explaining why issues such as memory access dictate
% a different design from textbook radix-2 FFTs; some overlap with FFTW05.
@InCollection{JohnsonFr08:burrus,
  author = 	 {Steven G. Johnson and Matteo Frigo},
  title = 	 {Implementing {FFT}s in Practice},
  booktitle = 	 {Fast Fourier Transforms},
  publisher = {Connexions},
  year = 	 2008,
  editor = 	 {C. Sidney Burrus},
  chapter = 	 11,
  address = 	 {Rice University, Houston TX},
  month = 	 {September},
  url = 	 {http://cnx.org/content/m16336/},
}

% This paper describes the codelet generator introduced in FFTW 2
@InProceedings{FFTWgen99,
  author = 	 {Frigo, Matteo},
  title = 	 {A fast {Fourier} transform compiler},
  booktitle = 	 {Proc. 1999 ACM SIGPLAN Conf. on Programming Language Design and Implementation},
  pages =	 {169--180},
  year =	 1999,
  volume =	 34,
  number =	 5,
  month =	 {May},
  publisher =	 {ACM}
}

% This was the main paper describing FFTW 1
@InProceedings{FFTW98,
  author =       {Frigo, Matteo and Johnson, Steven~G.},
  title =        {{FFTW}: An adaptive software architecture for the {FFT}},
  booktitle =    {Proc. 1998 IEEE Intl. Conf. Acoustics Speech and Signal Processing},
  pages =        {1381--1384},
  year =         1998,
  volume =       3,
  publisher =    {IEEE}
}

% This is an early technical report on FFTW, but since it is not readily
% accessible we normally prefer the FFTW98 citation.
@TechReport{FFTW97,
  author = 	 {Frigo, Matteo and Johnson, Steven~G.},
  title = 	 {The Fastest {Fourier} Transform in the West},
  institution =  {Massachusetts Institute of Technology},
  year = 	 1997,
  number =	 {MIT-LCS-TR-728},
  month =	 {September}
}

% This paper describes the general theory of cache-oblivious algorithms,
% which can use the cache optimally without knowing the cache size by
% exploiting recursion, ideas that are heavily used in FFTW.
@InProceedings{CacheObliv99,
  author = 	 {Frigo, Matteo and Leiserson, Charles~E. and Prokop, Harald and Ramachandran, Sridhar},
  title = 	 {Cache-oblivious algorithms},
  booktitle = 	 {Proc. 40th Ann. Symp. on Foundations of Comp. Sci. (FOCS)},
  pages =	 {285--297},
  year =	 1999,
  publisher =	 {IEEE Comput. Soc.}
}

% This paper describes a new FFT algorithm that lowers the total exact count
% of real-arithmetic operations (additions and multiplications) over
% the previous record set by Yavne in 1968 (the split-radix algorithm).
@Article{JohnsonFrigo07:splitradix,
  author = 	 {Steven G. Johnson and Matteo Frigo},
  title = 	 {A modified split-radix {FFT} with fewer arithmetic operations},
  journal = 	 {IEEE Trans. Signal Processing},
  year = 	 2007,
  volume =	 55,
  number =	 1,
  pages =	 {111--119}
}

